%YAML 1.1
%TAG !u! tag:unity3d.com,2011:
--- !u!241 &24100000
AudioMixerController:
  m_ObjectHideFlags: 0
  m_CorrespondingSourceObject: {fileID: 0}
  m_PrefabInternal: {fileID: 0}
  m_Name: MasterMixer
  m_OutputGroup: {fileID: 0}
  m_MasterGroup: {fileID: 24300002}
  m_Snapshots:
  - {fileID: 24500006}
  m_StartSnapshot: {fileID: 24500006}
  m_SuspendThreshold: -80
  m_EnableSuspend: 1
  m_UpdateMode: 0
  m_ExposedParameters:
  - guid: 1feb52f57e6667a4b9be6277b3c51ad5
    name: musicVol
  - guid: dd851b8ac40d70443af72fa0f22f7f2e
    name: sfxVol
  m_AudioMixerGroupViews:
  - guids:
    - 55d02eb5e848d164b92e23846c58116a
    - 751102dce09971d4b9bd07436af77d01
    - 2fad3968dd65af74ab402d8447562d6f
    name: View
  m_CurrentViewIndex: 0
  m_TargetSnapshot: {fileID: 24500006}
--- !u!243 &24300002
AudioMixerGroupController:
  m_ObjectHideFlags: 0
  m_CorrespondingSourceObject: {fileID: 0}
  m_PrefabInternal: {fileID: 0}
  m_Name: Master
  m_AudioMixer: {fileID: 24100000}
  m_GroupID: 55d02eb5e848d164b92e23846c58116a
  m_Children:
  - {fileID: 243933665415468352}
  - {fileID: 243233482202759714}
  m_Volume: 1203712721b14494ea1dc32a6a8ed9dd
  m_Pitch: 721dc2f96ece48242b0008b59abfe4e4
  m_Effects:
  - {fileID: 24400004}
  m_UserColorIndex: 0
  m_Mute: 0
  m_Solo: 0
  m_BypassEffects: 0
--- !u!244 &24400004
AudioMixerEffectController:
  m_ObjectHideFlags: 3
  m_CorrespondingSourceObject: {fileID: 0}
  m_PrefabInternal: {fileID: 0}
  m_Name: 
  m_EffectID: b8b4aa30f7ce97144aec906159b0bece
  m_EffectName: Attenuation
  m_MixLevel: 87f64d1deef176242b8cf0a3326b0499
  m_Parameters: []
  m_SendTarget: {fileID: 0}
  m_EnableWetMix: 0
  m_Bypass: 0
--- !u!245 &24500006
AudioMixerSnapshotController:
  m_ObjectHideFlags: 0
  m_CorrespondingSourceObject: {fileID: 0}
  m_PrefabInternal: {fileID: 0}
  m_Name: Snapshot
  m_AudioMixer: {fileID: 24100000}
  m_SnapshotID: 76c0cb91525b0f8469d56381d5212d53
  m_FloatValues:
    1feb52f57e6667a4b9be6277b3c51ad5: 0
    dd851b8ac40d70443af72fa0f22f7f2e: 0
  m_TransitionOverrides: {}
--- !u!243 &243233482202759714
AudioMixerGroupController:
  m_ObjectHideFlags: 0
  m_CorrespondingSourceObject: {fileID: 0}
  m_PrefabInternal: {fileID: 0}
  m_Name: SFX
  m_AudioMixer: {fileID: 24100000}
  m_GroupID: 2fad3968dd65af74ab402d8447562d6f
  m_Children: []
  m_Volume: dd851b8ac40d70443af72fa0f22f7f2e
  m_Pitch: e2474066ad5288f4b87011b67694a00a
  m_Effects:
  - {fileID: 244585955918464258}
  m_UserColorIndex: 0
  m_Mute: 0
  m_Solo: 0
  m_BypassEffects: 0
--- !u!243 &243933665415468352
AudioMixerGroupController:
  m_ObjectHideFlags: 0
  m_CorrespondingSourceObject: {fileID: 0}
  m_PrefabInternal: {fileID: 0}
  m_Name: Music
  m_AudioMixer: {fileID: 24100000}
  m_GroupID: 751102dce09971d4b9bd07436af77d01
  m_Children: []
  m_Volume: 1feb52f57e6667a4b9be6277b3c51ad5
  m_Pitch: b6e1a863af576da41ac873768ffa45fa
  m_Effects:
  - {fileID: 244201190371414422}
  m_UserColorIndex: 0
  m_Mute: 0
  m_Solo: 0
  m_BypassEffects: 0
--- !u!244 &244201190371414422
AudioMixerEffectController:
  m_ObjectHideFlags: 3
  m_CorrespondingSourceObject: {fileID: 0}
  m_PrefabInternal: {fileID: 0}
  m_Name: 
  m_EffectID: 88ee20b46be58a94b9596db7a2ee48eb
  m_EffectName: Attenuation
  m_MixLevel: 872e4eb6fc8e7e445b755fd9904ffe58
  m_Parameters: []
  m_SendTarget: {fileID: 0}
  m_EnableWetMix: 0
  m_Bypass: 0
--- !u!244 &244585955918464258
AudioMixerEffectController:
  m_ObjectHideFlags: 3
  m_CorrespondingSourceObject: {fileID: 0}
  m_PrefabInternal: {fileID: 0}
  m_Name: 
  m_EffectID: 07d51fbaa4bddf5499eaaccf8ad4022f
  m_EffectName: Attenuation
  m_MixLevel: 281243fb1f5724b4e9263a411a4f67c6
  m_Parameters: []
  m_SendTarget: {fileID: 0}
  m_EnableWetMix: 0
  m_Bypass: 0
